@online{lectures,
	author = "Л.К. Бабаджанянц, Ю.А. Пупышев, Ю.Ю. Пупышева",
	title = "Классическая механика",
	url = "http://pm-pu.ru/stuff/adus/books/babadzhanyants_mehanika.pdf",
	year = "2013",
	keywords = "механика"
}

@book{lourie,
	author = "Л.Г. Лойцянский, А.И. Лурье",
	title = "Курс теоретической механики",
	volume = "1",
	publisher = "М.: Наука",
	year = "1982",
	keywords = "механика"
}

